<?xml version="1.0" encoding="UTF-8"?><collection xmlns="http://www.loc.gov/MARC21/slim"><record><leader>00558nam--2200133-i-4500</leader><controlfield tag="001">000028918</controlfield><controlfield tag="002">20161230</controlfield><controlfield tag="005">20161230201037</controlfield><controlfield tag="008">060222s1000------------r-----000-0-eng-d</controlfield><datafield ind1=" " ind2=" " tag="080"><subfield code="a">541.64</subfield></datafield><datafield ind1=" " ind2=" " tag="245"><subfield code="a">Kinetics and mechanism of polyreactions. preprints of papers to be presented at the symposium 25th-30th august 1969. vol.v. section 10 polymer-analogus reactions. section 11. depolymerization, degradation and stabilization ..</subfield></datafield><datafield ind1=" " ind2=" " tag="260"><subfield code="a">Budapest, Akademiai Kiado, 1969. 497p</subfield></datafield><datafield ind1=" " ind2=" " tag="490"><subfield code="a">International Symposium On Macromolecular Chemistry</subfield></datafield><datafield ind1=" " ind2=" " tag="852"><subfield code="a">34022</subfield></datafield></record></collection>